@book{wm,
  title={Principles of Information Security},
  author={Whitman, M.E. and Mattord, H.J.},
  isbn={9781337102063},
  lccn={2017930059},
  year={2017},
  publisher={Cengage Learning}
}

@misc{os1, title={Binary Payloads}, url={https://www.offensive-security.com/metasploit-unleashed/binary-payloads/}, journal={Offensive Security}}

@misc{hypr, title={Meterpreter: Security encyclopedia}, url={https://www.hypr.com/meterpreter/}, journal={HYPR}}

@misc{sdo, title={What is Meterpreter ? - Security Wiki}, url={https://doubleoctopus.com/security-wiki/threats-and-tools/meterpreter/}, journal={Secret double octopus}, year={2021}, month={Aug}}

@misc{zain, title={How It Works: Reverse\_tcp Attack}, url={https://medium.com/@mzainkh/how-it-works-reverse-tcp-attack-d7610dd8e55}, journal={Medium}, publisher={Medium}, author={Zain, Mohammed}, year={2020}, month={Apr}}

@misc{comm, title={Manage Meterpreter and Shell sessions}, url={https://docs.rapid7.com/metasploit/manage-meterpreter-and-shell-sessions/#view-available-meterpreter-shell-commands}, journal={Manage Meterpreter and Shell Sessions | Metasploit Documentation}}

@misc{nmap, title={Command-line Flags Chapter 4. Port Scanning Overview}, url={https://nmap.org/book/port-scanning-options.html}, journal={Command-line Flags | Nmap Network Scanning}}

@inproceedings{goodDef,
  title={A Study on Metasploit Framework: A Pen-Testing Tool},
  author={Raj, Sudhanshu and Walia, Navpreet Kaur},
  booktitle={2020 International Conference on Computational Performance Evaluation (ComPE)},
  pages={296--302},
  year={2020},
  organization={IEEE}
}

@inproceedings{usesEvade,
  title={Applied comparative evaluation of the metasploit evasion module},
  author={Casey, Peter and Topor, Mateusz and Hennessy, Emily and Alrabaee, Saed and Aloqaily, Moayad and Boukerche, Azzedine},
  booktitle={2019 IEEE symposium on computers and communications (ISCC)},
  pages={1--6},
  year={2019},
  organization={IEEE}
}

@article{testIDS,
  title={An analysis of the ids penetration tool: Metasploit},
  author={Marquez, Carlos Joshua},
  journal={The InfoSec Writers Text Library, Dec},
  volume={9},
  year={2010}
}

@article{testweb,
  title={Web penetration testing using nessus and metasploit tool},
  author={Mukhopadhyay, Indraneel and Goswami, S and Mandal, E},
  journal={IOSR Journal of Computer Engineering},
  volume={16},
  number={3},
  pages={126--129},
  year={2014}
}